<?xml version="1.0" encoding="UTF-8"?><collection xmlns="http://www.loc.gov/MARC21/slim"><record><leader>00476nam--2200121-i-4500</leader><controlfield tag="001">000009209</controlfield><controlfield tag="002">20161230</controlfield><controlfield tag="005">20161230201028</controlfield><controlfield tag="008">060222s1000------------r-----000-0-eng-d</controlfield><datafield ind1=" " ind2=" " tag="245"><subfield code="a">Decus proceedings. fall 1967. papers and presentations of digital equipment computer users society, maynard, massachusetts. fall symposium  computers in the laboratory , nov., 11, 1967</subfield></datafield><datafield ind1=" " ind2=" " tag="260"><subfield code="a">Anaheim, Calif., Jolly Roger Inn-anaheim Comvention Center, 1967</subfield></datafield><datafield ind1=" " ind2=" " tag="490"><subfield code="a">V+213p</subfield></datafield><datafield ind1=" " ind2=" " tag="852"><subfield code="a">681.3</subfield></datafield></record></collection>